@book{koza92,
		author    = "Koza, John R.",
		title     = "Genetic Programming: On the Programming of Computers by Means of Natural Selection",
		publisher = "MIT Press",
		year      = "1992"
}


@misc{ wiki:latex,
       author = "Wikipedia",
       title = "LaTeX --- Wikipedia{,} La enciclopedia libre",
       year = "2015",
       url = "https://es.wikipedia.org/w/index.php?title=LaTeX&oldid=84209252",
       note = "[Internet; descargado 30-septiembre-2015]"
}

@misc{ scrum,
       author = "Schwaber, Ken and Sutherland, Jeff",
       title = "The Scrum Guide",
       year = "2014",
       url = "http://www.scrumguides.org/",
       note = "[Internet; accessed 23/06/17]"
}


@book{rijsbergen79,
		author = "C. J. van Rijsbergen",
		title = "Information Retrieval",
		publisher="Butterworths",
		year = "1979"
}



http://www.scrumguides.org/