@book{koza92,
		author    = "Koza, John R.",
		title     = "Genetic Programming: On the Programming of Computers by Means of Natural Selection",
		publisher = "MIT Press",
		year      = "1992"
}


@misc{ wiki:latex,
       author = "Wikipedia",
       title = "LaTeX --- Wikipedia{,} La enciclopedia libre",
       year = "2015",
       url = "https://es.wikipedia.org/w/index.php?title=LaTeX&oldid=84209252",
       note = "[Internet; descargado 30-septiembre-2015]"
}


@article{bortolot2005,
  title={Estimating forest biomass using small footprint LiDAR data: An individual tree-based approach that incorporates training data},
  author={Bortolot, Zachary J and Wynne, Randolph H},
  journal={ISPRS Journal of Photogrammetry and Remote Sensing},
  volume={59},
  number={6},
  pages={342--360},
  year={2005},
  publisher={Elsevier}
}

@article{weizenbaum66,
title={ELIZA—a computer program for the study of natural language communication between man and machine},
author={Joseph Weizenbaum},
journal={Communications of the ACM},
volume={9},
issue={1},
pages={36-45},
year={1966},
publisher={ACM}
}

@techreport{collobert08,
  author = {Collobert, Ronan and Weston, Jason},
  title = {A Unified Architecture for Natural Language Processing:
Deep Neural Networks with Multitask Learning},
  institution = {NEC Labs America},
  year = {2008}
}

@misc{ apiai:concepts,
author = "api.ai",
title = "Introduction - Understand the key concepts",
year = "2017",
url = "https://docs.api.ai/docs/key-concepts",
note = "[Internet; accessed 10/06/17]"
}

@book{mctear16,
		author    = "McTear, Michael and Callejas, Zoraida and Griol, David",
		title     = "The Conversational Interface: Talking to Smart Devices",
		publisher = "Springer",
		year      = "2016"
}

@misc{fastcodedesign:conversationalinterface,
author = "Brownlee, John",
title = "Conversational Interfaces, Explained",
year = "2016",
url = "https://www.fastcodesign.com/3058546/conversational-interfaces-explained",
note = "[Internet; accessed 10/06/17]"
}


@misc{ apiai:agents,
author = "api.ai",
title = "Agents",
year = "2017",
url = "https://docs.api.ai/docs/concept-agents",
note = "[Internet; accessed 10/06/17]"
}


@misc{ apiai:ml,
author = "api.ai",
title = "Machine Learning",
year = "2017",
url = "https://docs.api.ai/docs/machine-learning",
note = "[Internet; accessed 10/06/17]"
}

@misc{ apiai:entities,
author = "api.ai",
title = "Entities",
year = "2017",
url = "https://docs.api.ai/docs/concept-entities",
note = "[Internet; accessed 10/06/17]"
}

@misc{ apiai:intents,
author = "api.ai",
title = "Intents",
year = "2017",
url = "https://docs.api.ai/docs/concept-intents",
note = "[Internet; accessed 10/06/17]"
}


@misc{ apiai:contexts,
author = "api.ai",
title = "Contexts",
year = "2017",
url = "https://docs.api.ai/docs/concept-contexts",
note = "[Internet; accessed 10/06/17]"
}

@book{aggarwal16,
		author    = "Aggarwal, Charu C.",
		title     = "Recommender Systems: The Textbook",
		publisher = "Springer",
		year      = "2016"
}

@book{rajaraman16,
		author    = "Rajaraman, Anand and Ullman, Jeffrey David",
		title     = "Mining of Massive Datasets",
		publisher = "Cambridge University Press",
		year      = "2011"
}

@misc{ osm:poi,
author = "OpenStreetMap",
title = "Point of Interest",
year = "2017",
url = " http://wiki.openstreetmap.org/wiki/Points_of_interest",
note = "[Internet; accessed 10/06/17]"
}

@book{rigaux02,
  author = {Rigaux, Philippe and Scholl, Michel and Voisard, Agnes},
  title = {Spatial databases - with applications to GIS},
  year = {2002},
publisher = {Morgan Kaufmann Publishers}
}

@article{gueting94,
title={An Introduction to Spatial Database Systems},
author={Güting, Ralf Hartmut},
journal={The VLDB Journal},
volume={3},
issue={4},
pages={357-399},
year={1994},
publisher={Springer Berlin Heidelberg}
}

@misc{ osm:elements,
author = "OpenStreetMap",
title = "Elements",
year = "2017",
url = "http://wiki.openstreetmap.org/wiki/Elements",
note = "[Internet; accessed 10/06/17]"
}
